@article{Sample,
    author = "Albert Einstein",
    title = "{Zur Elektrodynamik bewegter K{\"o}rper}. ({German})
    [{On} the electrodynamics of moving bodies]",
    journal = "Annalen der Physik",
    volume = "322",
    number = "10",
    pages = "891--921",
    year = "1905",
    DOI = "http://dx.doi.org/10.1002/andp.19053221004",
    keywords = "physics"
}

@book{Sample,
    title = {The Principles of Quantum Mechanics},
    author = {Paul Adrien Maurice Dirac},
    isbn = {9780198520115},
    series = {International series of monographs on physics},
    year = {1981},
    publisher = {Clarendon Press},
    keywords = {physics}
}

@inbook{Sample,
    author = "Donald E. Knuth",
    title = "Fundamental Algorithms",
    publisher = "Addison-Wesley",
    year = "1973",
    chapter = "1.2",
    keywords  = "knuth,programming"
}

@online{Sample,
    author = "Donald Knuth",
    title = "Knuth: Computers and Typesetting",
    url  = "http://www-cs-faculty.stanford.edu/~uno/abcde.html",
    addendum = "(accessed: 01.09.2016)",
    keywords = "latex,knuth"
}


@article{DR-Krediteringsregler,
    author = "DR",
    title = "{Krediteringsregler for TV}",
    year = "2010",
    DOI = "https://www.dr.dk/NR/rdonlyres/00221a7b/dpikscstjptklixxdnjgywgeuakhwpog/DR_kreditmanual_050810.pdf",
    addendum = "(accessed: 21.04.2020)"
}

@online{TV2-case,
    author = "TV2",
    title = "{TV2 Credits Managemet Projekt Case}",
    year = "2020",
    url = "https://docs.google.com/document/d/1p6lQjWV76TX9uTLst2OAdmV07XfMRn5fObelzBpd2EI/edit",
    addendum = "(accessed: 21.04.2020)" 
}